
@article{arlandinietal1999,
  title={Neutron capture in low-mass asymptotic giant branch stars: cross sections and abundance signatures},
  author={Arlandini, Claudio and K{\"a}ppeler, Franz and Wisshak, Klaus and Gallino, Roberto and Lugaro, Maria and Busso, Maurizio and Straniero, Oscar},
  journal={The Astrophysical Journal},
  volume={525},
  number={2},
  pages={886},
  year={1999},
  publisher={IOP Publishing}
}

%%LOOONG r process review article
@article{arnouldetal2007,
  title={The r-process of stellar nucleosynthesis: Astrophysics and nuclear physics achievements and mysteries},
  author={Arnould, Marcel and Goriely, St{\'e}phane and Takahashi, Kohji},
  journal={Physics Reports},
  volume={450},
  number={4},
  pages={97--213},
  year={2007},
  publisher={Elsevier}
}

@article{atkinson1929,
  title={Zur Frage der Aufbaum{\"o}glichkeit der Elemente in Sternen},
  author={Atkinson, R d E and Houtermans, Friedrich Georg},
  journal={Zeitschrift f{\"u}r Physik},
  volume={54},
  number={9-10},
  pages={656--665},
  year={1929},
  publisher={Springer}
}


%b2fh
@article{burbidge1957,
  title={Synthesis of the elements in stars},
  author={Burbidge, E Margaret and Burbidge, Geoffrey R and Fowler, William A and Hoyle, Fred},
  journal={Reviews of modern physics},
  volume={29},
  pages={547--650},
  year={1957}
}

@article{bussoetal1999,
  title={Nucleosynthesis in asymptotic giant branch stars: Relevance for galactic enrichment and solar system formation},
  author={Busso, M and Gallino, R and Wasserburg, GJ},
  journal={Annual Review of Astronomy and Astrophysics},
  volume={37},
  number={1},
  pages={239--309},
  year={1999},
  publisher={Annual Reviews 4139 El Camino Way, PO Box 10139, Palo Alto, CA 94303-0139, USA}
}


@article{claytonetal1961,
  title={Neutron capture chains in heavy element synthesis},
  author={Clayton, Donald D and Fowler, William A and Hull, TE and Zimmerman, BA},
  journal={Annals of Physics},
  volume={12},
  number={3},
  pages={331--408},
  year={1961},
  publisher={Elsevier}
}

@article{clayton1967,
  title={Termination of the s-PROCESS},
  author={Clayton, Donald D and Rassbach, ME},
  journal={The Astrophysical Journal},
  volume={148},
  pages={69},
  year={1967}
}


@article{clayton1974,
  title={S-Process Studies: Exact Evaluation of an Exponential Distribution of Exposures},
  author={Clayton, Donald D and Ward, Richard A},
  journal={The Astrophysical Journal},
  volume={193},
  pages={397--400},
  year={1974}
}

@article{couch1974,
  title={s-Process nucleosynthesis in massive stars: core helium burning},
  author={Couch, Richard G and Schmiedekamp, Ann B and Arnett, W David},
  journal={The Astrophysical Journal},
  volume={190},
  pages={95--100},
  year={1974}
}


@ARTICLE{eddington1920,
   author = {{Eddington}, A.~S.},
    title = "{The internal constitution of the stars}",
  journal = {The Observatory},
     year = 1920,
    month = oct,
   volume = 43,
    pages = {341-358},
   adsurl = {http://adsabs.harvard.edu/abs/1920Obs....43..341E},
  adsnote = {Provided by the SAO/NASA Astrophysics Data System}
}


%First paper to propose neutron star site
@article{eichleretal1989,
  title={Nucleosynthesis, neutrino bursts and $\gamma$-rays from coalescing neutron stars},
  author={Eichler, David and Livio, Mario and Piran, Tsvi and Schramm, David N},
  journal={Nature},
  volume={340},
  number={6229},
  pages={126--128},
  year={1989},
  publisher={Nature Publishing Group}
}

@article{gallinoetal1998,
  title={Evolution and nucleosynthesis in low-mass asymptotic giant branch stars. II. Neutron capture and the s-process},
  author={Gallino, Roberto and Arlandini, Claudio and Busso, Maurizio and Lugaro, Maria and Travaglio, Claudia and Straniero, Oscar and Chieffi, Alessandro and Limongi, Marco},
  journal={The Astrophysical Journal},
  volume={497},
  number={1},
  pages={388},
  year={1998},
  publisher={IOP Publishing}
}

@ARTICLE{gurneycondon1928,
   author = {{Gurney}, R.~W. and {Condon}, E.~U.},
    title = "{Wave Mechanics and Radioactive Disintegration}",
  journal = {\nat},
     year = 1928,
    month = sep,
   volume = 122,
    pages = {439},
      doi = {10.1038/122439a0},
   adsurl = {http://adsabs.harvard.edu/abs/1928Natur.122..439G},
  adsnote = {Provided by the SAO/NASA Astrophysics Data System}
}

@ARTICLE{hoyle1946,
   author = {{Hoyle}, F.},
    title = "{The synthesis of the elements from hydrogen}",
  journal = {\mnras},
     year = 1946,
   volume = 106,
    pages = {343},
   adsurl = {http://adsabs.harvard.edu/abs/1946MNRAS.106..343H},
  adsnote = {Provided by the SAO/NASA Astrophysics Data System}
}

@article{hoyle1954,
  title={On Nuclear Reactions Occuring in Very Hot STARS. I. the Synthesis of Elements from Carbon to Nickel.},
  author={Hoyle, Fred},
  journal={The Astrophysical Journal Supplement Series},
  volume={1},
  pages={121},
  year={1954}
}


@book{iliadis2008,
  title={Nuclear physics of stars},
  author={Iliadis, Christian},
  year={2008},
  publisher={John Wiley \& Sons}
}

@article{kappeleretal1990,
  title={S-process nucleosynthesis-Classical approach and asymptotic giant branch models for low-mass stars},
  author={K{\"a}ppeler, F and Gallino, R and Busso, M and Picchio, G and Raiteri, CM},
  journal={The Astrophysical Journal},
  volume={354},
  pages={630--643},
  year={1990}
}

@article{kappeleretal2011,
  title={The s process: Nuclear physics, stellar models, and observations},
  author={K{\"a}ppeler, Franz and Gallino, Roberto and Bisterzo, Sara and Aoki, Wako},
  journal={Reviews of Modern Physics},
  volume={83},
  number={1},
  pages={157},
  year={2011},
  publisher={APS}
}

%cosmic rays
@article{meneguzzi1971,
  title={The production of the elements Li, Be, B by galactic cosmic rays in space and its relation with stellar observations.},
  author={Meneguzzi, M and Audouze, J and Reeves, H},
  journal={Astronomy and Astrophysics},
  volume={15},
  pages={337--359},
  year={1971}
}


@article{peters1968,
  title={Nucleosynthesis by the s-PROCESS in Stars of 9 and 15 Solar Masses},
  author={Peters, James G},
  journal={The Astrophysical Journal},
  volume={154},
  pages={225},
  year={1968}
}


%Neutrino oscillations, impact on nucleosynthesis
@ARTICLE{pllumbietal2014,
   author = {{Pllumbi}, E. and {Tamborra}, I. and {Wanajo}, S. and {Janka}, H.-T. and 
	{Huedepohl}, L.},
    title = "{Impact of neutrino flavor oscillations on the neutrino-driven wind nucleosynthesis of an electron-capture supernova}",
  journal = {ArXiv e-prints},
archivePrefix = "arXiv",
   eprint = {1406.2596},
 primaryClass = "astro-ph.SR",
 keywords = {Astrophysics - Solar and Stellar Astrophysics, Nuclear Theory},
     year = 2014,
    month = jun,
   adsurl = {http://adsabs.harvard.edu/abs/2014arXiv1406.2596P},
  adsnote = {Provided by the SAO/NASA Astrophysics Data System}
}


@article{raiteri1991,
  title={S-process nucleosynthesis in massive stars and the weak component. II-Carbon burning and galactic enrichment},
  author={Raiteri, CM and Busso, M and Picchio, G and Gallino, R},
  journal={The Astrophysical Journal},
  volume={371},
  pages={665--672},
  year={1991}
}

@ARTICLE{schwarzschild1967,
   author = {{Schwarzschild}, M. and {H{\"a}rm}, R.},
    title = "{Hydrogen Mixing by Helium-Shell Flashes}",
  journal = {\apj},
     year = 1967,
    month = dec,
   volume = 150,
    pages = {961},
      doi = {10.1086/149396},
   adsurl = {http://adsabs.harvard.edu/abs/1967ApJ...150..961S},
  adsnote = {Provided by the SAO/NASA Astrophysics Data System}
}


@ARTICLE{seegeretal1965,
   author = {{Seeger}, P.~A. and {Fowler}, W.~A. and {Clayton}, D.~D.},
    title = "{Nucleosynthesis of Heavy Elements by Neutron Capture.}",
  journal = {\apjs},
     year = 1965,
    month = feb,
   volume = 11,
    pages = {121},
      doi = {10.1086/190111},
   adsurl = {http://adsabs.harvard.edu/abs/1965ApJS...11..121S},
  adsnote = {Provided by the SAO/NASA Astrophysics Data System}
}


%r process review article
@article{thielemannetal2011,
  title={What are the astrophysical sites for the r-process and the production of heavy elements?},
  author={Thielemann, F-K and Arcones, A and K{\"a}ppeli, R and Liebend{\"o}rfer, M and Rauscher, T and Winteler, C and Fr{\"o}hlich, C and Dillmann, I and Fischer, T and Martinez-Pinedo, G and others},
  journal={Progress in particle and nuclear physics},
  volume={66},
  number={2},
  pages={346--353},
  year={2011},
  publisher={Elsevier}
}

@article{travaglioetal2001,
  title={Lead: asymptotic giant branch production and galactic chemical evolution},
  author={Travaglio, Claudia and Gallino, Roberto and Busso, Maurizio and Gratton, Raffaele},
  journal={The Astrophysical Journal},
  volume={549},
  number={1},
  pages={346},
  year={2001},
  publisher={IOP Publishing}
}


%r process review article
@article{wanajoishimaru2006,
  title={< i> r</i>-process calculations and Galactic chemical evolution},
  author={Wanajo, Shinya and Ishimaru, Yuhri},
  journal={Nuclear Physics A},
  volume={777},
  pages={676--699},
  year={2006},
  publisher={Elsevier}
}
